@book{jisuanjidaolun,
	title={计算机导论},
	author={姚爱国 and 汪自云 and 袁磊},
	year={2006},
}
@article{loudongsaomiao,
	title={计算机网络安全与漏洞扫描技术研究},
	author={赵喜明},
	journal={网络安全技术与应用},
	number={01},
	pages={125+127},
}
@article{Unix,
	title={Unix主机漏洞扫描系统的原理与实现},
	author={王子强 and 刘海燕 and 李媛州},
	journal={计算机工程与设计},
	volume={26},
	number={2},
	pages={426-428},
	year={2005},
}
@inproceedings{Xu2010CANVuS,
	title={CANVuS: Context-Aware Network Vulnerability Scanning},
	author={Xu, Yunjing and Bailey, Michael and Weele, Eric Vander and Jahanian, Farnam},
	booktitle={Recent Advances in Intrusion Detection, 13th International Symposium, RAID 2010, Ottawa, Ontario, Canada, September 15-17, 2010. Proceedings},
	year={2010},
}
@article{Fisher2003New,
	title={New security rules to raise Windows},
	author={Fisher, Dennis},
	journal={Eweek},
	number={46},
	year={2003},
}